@misc{bitcoin,
  title={Bitcoin: A peer-to-peer electronic cash system},
  author={Nakamoto, Satoshi},
  year={2008}
}

@article{smartcon,
  title={Blockchains and smart contracts for the internet of things},
  author={Christidis, Konstantinos and Devetsikiotis, Michael},
  journal={IEEE Access},
  volume={4},
  pages={2292--2303},
  year={2016},
  publisher={IEEE}
}

@article{finance,
  title={Blockchain Technology in Finance},
  author={Treleaven, Philip and Brown, Richard Gendal and Yang, Danny},
  journal={Computer},
  volume={50},
  number={9},
  pages={14--17},
  year={2017},
  publisher={IEEE}
}

@article{time,
  title={The Truth About Blockchain},
  author={Iansiti, Marco and Lakhani, Karim R},
  journal={Harvard Business Review},
  volume={95},
  number={1},
  pages={118--127},
  year={2017}
}

@article{air,
  title={Blockchain technology: Beyond bitcoin},
  author={Crosby, Michael and Pattanayak, Pradan and Verma, Sanjeev and Kalyanaraman, Vignesh},
  journal={Applied Innovation},
  volume={2},
  pages={6--10},
  year={2016}
}

@article{double,
  title={Blockchain Double Bubble or Double Trouble?},
  author={Umeh, Jude},
  journal={ITNOW},
  volume={58},
  number={1},
  pages={58--61},
  year={2016},
  publisher={Oxford University Press}
}

@article{szabo,
  title={Smart contracts: building blocks for digital markets},
  author={Szabo, Nick},
  journal={URL: http://www. alamut. com/subj/economics/nick\_szabo/smartContracts. html (Letzter Abruf vom 31.10. 2016)},
  year={1996}
}

@article{beyond,
  title={Blockchain beyond bitcoin},
  author={Underwood, Sarah},
  journal={Communications of the ACM},
  volume={59},
  number={11},
  pages={15--17},
  year={2016},
  publisher={ACM}
}

@article{survey,
  title={A Survey of Blockchain Security Issues and Challenges.},
  author={Lin, Iuon-Chang and Liao, Tzu-Chun},
  journal={IJ Network Security},
  volume={19},
  number={5},
  pages={653--659},
  year={2017}
}

@inproceedings{timestamp,
  title={How to time-stamp a digital document},
  author={Haber, Stuart and Stornetta, W Scott},
  booktitle={Conference on the Theory and Application of Cryptography},
  pages={437--455},
  year={1990},
  organization={Springer}
}
